<?xml version="1.0" encoding="UTF-8"?><collection xmlns="http://www.loc.gov/MARC21/slim"><record><leader>00453nam--2200157-i-4500</leader><controlfield tag="001">000032067</controlfield><controlfield tag="002">20161230</controlfield><controlfield tag="005">20170221123235</controlfield><controlfield tag="008">060222s1000------------r-----000-0-eng-d</controlfield><datafield ind1=" " ind2=" " tag="040"><subfield code="a">IFIN-HH</subfield></datafield><datafield ind1=" " ind2=" " tag="080"><subfield code="a">530.145</subfield></datafield><datafield ind1="1" ind2=" " tag="100"><subfield code="a">Messiah, Albert</subfield></datafield><datafield ind1="1" ind2="0" tag="245"><subfield code="a">Quantum mechanics.Translated from the French by Potter J</subfield></datafield><datafield ind1=" " ind2=" " tag="260"><subfield code="a">Amsterdam, North-Holland Publishing Company 1965. 507-1136p</subfield></datafield><datafield ind1=" " ind2=" " tag="852"><subfield code="a">77629</subfield><subfield code="b">Vol 2</subfield><subfield code="c">530.14</subfield></datafield><datafield ind1=" " ind2=" " tag="CAT"><subfield code="a">SYS</subfield><subfield code="c">20170221</subfield><subfield code="h">123235</subfield></datafield></record></collection>